<record><leader>00000cas a22000007a 4500</leader><controlfield tag="001">8804835</controlfield><controlfield tag="008">820924d18211826aluwr ne      0   a0eng  </controlfield><datafield ind1=" " ind2=" " tag="010"><subfield code="a">sn 82015112 </subfield></datafield><datafield ind1=" " ind2=" " tag="040"><subfield code="a">DLC</subfield><subfield code="b">eng</subfield><subfield code="c">DLC</subfield><subfield code="d">NPX</subfield><subfield code="d">CPN</subfield><subfield code="d">DLC</subfield><subfield code="d">YOX</subfield><subfield code="d">FUG</subfield><subfield code="d">OCL</subfield><subfield code="d">DLC</subfield><subfield code="d">CRL</subfield><subfield code="d">DLC</subfield><subfield code="d">OCLCQ</subfield><subfield code="d">OCLCF</subfield><subfield code="d">DLC</subfield></datafield><datafield ind1="1" ind2=" " tag="022"><subfield code="a">2574-4119</subfield><subfield code="2">1</subfield></datafield><datafield ind1=" " ind2=" " tag="042"><subfield code="a">msc</subfield><subfield code="a">nsdp</subfield></datafield><datafield ind1=" " ind2=" " tag="043"><subfield code="a">n-us-al</subfield></datafield><datafield ind1="0" ind2="0" tag="050"><subfield code="a">Newspaper 7005</subfield></datafield><datafield ind1=" " ind2="0" tag="222"><subfield code="a">Cahawba press and Alabama State intelligencer</subfield></datafield><datafield ind1="0" ind2="0" tag="245"><subfield code="a">Cahawba press and Alabama State intelligencer.</subfield></datafield><datafield ind1="1" ind2=" " tag="246"><subfield code="i">Issues for May 29, 1824-June 26, 1824 published as:</subfield><subfield code="a">Cahawba press and Alabama intelligencer</subfield></datafield><datafield ind1="3" ind2="0" tag="246"><subfield code="a">Alabama State intelligencer</subfield></datafield><datafield ind1=" " ind2=" " tag="260"><subfield code="a">Cahawba, Ala. :</subfield><subfield code="b">Allen &amp; Brickell,</subfield><subfield code="c">1821-1826.</subfield></datafield><datafield ind1=" " ind2=" " tag="300"><subfield code="a">6 v.</subfield></datafield><datafield ind1=" " ind2=" " tag="310"><subfield code="a">Weekly</subfield></datafield><datafield ind1="0" ind2=" " tag="362"><subfield code="a">Vol. 2, no. 31 (Jan. 6, 1821)-new ser., v. 2, no. 42 (July 22, 1826).</subfield></datafield><datafield ind1=" " ind2=" " tag="500"><subfield code="a">Imprint varies: Printed by W. Allen for the proprietors, 1824; printed by W. Allen, &lt;1824&gt;; published by William B. Allen, &lt;1825&gt;.</subfield></datafield><datafield ind1=" " ind2=" " tag="515"><subfield code="a">Suspended between &lt;July 31&gt; and Sept. 25, 1824 issues.</subfield></datafield><datafield ind1=" " ind2=" " tag="515"><subfield code="a">Issue for Sept. 25, 1924 numbered New ser., v. 1, no. 1.</subfield></datafield><datafield ind1=" " ind2=" " tag="525"><subfield code="a">Supplements accompany some issues.</subfield></datafield><datafield ind1=" " ind2=" " tag="530"><subfield code="a">Available on microfilm from the University of Alabama.</subfield></datafield><datafield ind1=" " ind2=" " tag="588"><subfield code="a">Description based on: Vol. 2, no. 31 (Jan. 6, 1821).</subfield></datafield><datafield ind1=" " ind2=" " tag="588"><subfield code="a">Latest issue consulted: Vol. 2, no. 42 (July 22, 1826).</subfield></datafield><datafield ind1=" " ind2="0" tag="651"><subfield code="a">Cahaba (Ala.)</subfield><subfield code="v">Newspapers.</subfield></datafield><datafield ind1=" " ind2="0" tag="651"><subfield code="a">Dallas County (Ala.)</subfield><subfield code="v">Newspapers.</subfield></datafield><datafield ind1=" " ind2="7" tag="651"><subfield code="a">Alabama</subfield><subfield code="z">Cahaba.</subfield><subfield code="2">fast</subfield><subfield code="0">(OCoLC)fst01222158</subfield></datafield><datafield ind1=" " ind2="7" tag="651"><subfield code="a">Alabama</subfield><subfield code="z">Dallas County.</subfield><subfield code="2">fast</subfield><subfield code="0">(OCoLC)fst01207055</subfield></datafield><datafield ind1=" " ind2="7" tag="655"><subfield code="a">Newspapers.</subfield><subfield code="2">fast</subfield><subfield code="0">(OCoLC)fst01423814</subfield></datafield><datafield ind1=" " ind2=" " tag="752"><subfield code="a">United States</subfield><subfield code="b">Alabama</subfield><subfield code="c">Dallas</subfield><subfield code="d">Cahaba.</subfield></datafield><datafield ind1="0" ind2="0" tag="780"><subfield code="t">Cahawba press and Alabama intelligencer</subfield><subfield code="x">2574-4100</subfield><subfield code="w">(DLC)sn 82007019</subfield><subfield code="w">(OCoLC)8797211</subfield></datafield><datafield ind1="0" ind2="0" tag="785"><subfield code="t">Selma courier</subfield><subfield code="x">2574-4194</subfield><subfield code="w">(DLC)sn 84023584</subfield><subfield code="w">(OCoLC)10897164</subfield></datafield></record>